@inproceedings{Zuleger:2011:BAI:2041552.2041574,
 author = {Zuleger, Florian and Gulwani, Sumit and Sinn, Moritz and Veith, Helmut},
 title = {Bound Analysis of Imperative Programs with the Size-change Abstraction},
 booktitle = {Proceedings of the 18th International Conference on Static Analysis},
 series = {SAS'11},
 year = {2011},
 isbn = {978-3-642-23701-0},
 location = {Venice, Italy},
 pages = {280--297},
 numpages = {18},
 url = {http://dl.acm.org/citation.cfm?id=2041552.2041574},
 acmid = {2041574},
 publisher = {Springer-Verlag},
 address = {Berlin, Heidelberg},
}

@article{Gulwani:2010:RP:1809028.1806630,
 author = {Gulwani, Sumit and Zuleger, Florian},
 title = {The Reachability-bound Problem},
 journal = {SIGPLAN Not.},
 issue_date = {June 2010},
 volume = {45},
 number = {6},
 month = jun,
 year = {2010},
 issn = {0362-1340},
 pages = {292--304},
 numpages = {13},
 url = {http://doi.acm.org/10.1145/1809028.1806630},
 doi = {10.1145/1809028.1806630},
 acmid = {1806630},
 publisher = {ACM},
 address = {New York, NY, USA},
 keywords = {disjunctive invariants, pattern matching, ranking functions, resource bound analysis, transitive closure},
}

@inproceedings{Gulwani:2009:SSC:1575060.1575069,
 author = {Gulwani, Sumit},
 title = {SPEED: Symbolic Complexity Bound Analysis},
 booktitle = {Proceedings of the 21st International Conference on Computer Aided Verification},
 series = {CAV '09},
 year = {2009},
 isbn = {978-3-642-02657-7},
 location = {Grenoble, France},
 pages = {51--62},
 numpages = {12},
 url = {http://dx.doi.org/10.1007/978-3-642-02658-4_7},
 doi = {10.1007/978-3-642-02658-4_7},
 acmid = {1575069},
 publisher = {Springer-Verlag},
 address = {Berlin, Heidelberg},
}

@phdthesis{chawdhary-thesis,
 author = {Chawdhary, Aziem},
 title = {Proving Termination using Abstract Interpretation},
 year = {2010},
 school = {Queen Mary University of London},
}

@techreport{Charlier:1990:GAI:864849,
 author = {Charlier, Baudouin L and Musumbu, Kaninda and Van Hentenryck, Pascal},
 title = {A Generic Abstract Interpretation Algorithm and Its Complexity Analysis (Extended Abstract)},
 year = {1990},
 source = {http://www.ncstrl.org:8900/ncstrl/servlet/search?formname=detail\&id=oai%3Ancstrlh%3Abrowncs%3ABrownCS%2F%2FCS-90-25},
 publisher = {Brown University},
 address = {Providence, RI, USA},
}

@incollection{Cousot81-1,
   author =    {Cousot, P{.}},
   title =     {Semantic Foundations of Program Analysis},
   pages =     {303--342},
   editor =    {Muchnick, S.S{.} and Jones, N.D{.}},
   chapter =   10,
   booktitle = {Program Flow Analysis: Theory and Applications},
   publisher = {Prentice-Hall, Inc{.}, Englewood Cliffs, New Jersey},
   year =      1981,
}

@inproceedings{Gorbovitski:2010:AAO:1869631.1869635,
 author = {Gorbovitski, Michael and Liu, Yanhong A. and Stoller, Scott D. and Rothamel, Tom and Tekle, Tuncay K.},
 title = {Alias Analysis for Optimization of Dynamic Languages},
 booktitle = {Proceedings of the 6th Symposium on Dynamic Languages},
 series = {DLS '10},
 year = {2010},
 isbn = {978-1-4503-0405-4},
 location = {Reno/Tahoe, Nevada, USA},
 pages = {27--42},
 numpages = {16},
 url = {http://doi.acm.org/10.1145/1869631.1869635},
 doi = {10.1145/1869631.1869635},
 acmid = {1869635},
 publisher = {ACM},
 address = {New York, NY, USA},
 keywords = {alias analysis, dynamic languages, optimization, type analysis},
}

@inproceedings{Maia_static,
 author = {Maia, Eva and Moreira, Nelma and Reis, Rog√©rio},
 title = {A Static Type Inference for Python},
 booktitle = {Proceedings of 5th Workshop on Dynamic Languages and Applications},
 year = {2011},
}
